<record xmlns="http://www.loc.gov/MARC21/slim" xmlns:xsi="http://www.w3.org/2001/XMLSchema-instance" xsi:schemaLocation="http://www.loc.gov/MARC21/slim http://www.loc.gov/standards/marcxml/schema/MARC21slim.xsd"><leader>01418cz   2200253n  4500</leader><controlfield tag="001">oca00040585 </controlfield><controlfield tag="005">20010510123403.0</controlfield><controlfield tag="008">800904n| acannaabn          |a aaa      </controlfield><datafield ind1=" " ind2=" " tag="010"><subfield code="a">n  50005015 </subfield></datafield><datafield ind1=" " ind2=" " tag="040"><subfield code="a">DLC</subfield><subfield code="b">eng</subfield><subfield code="c">DLC</subfield><subfield code="d">DLC</subfield><subfield code="d">OCoLC</subfield><subfield code="d">DLC</subfield></datafield><datafield ind1="0" ind2=" " tag="100"><subfield code="a">Scipio,</subfield><subfield code="c">Africanus,</subfield><subfield code="d">ca. 236-183 B.C.</subfield></datafield><datafield ind1="1" ind2=" " tag="400"><subfield code="a">Scipio Africanus Major, Publius Cornelius</subfield><subfield code="w">nnaa</subfield></datafield><datafield ind1="0" ind2=" " tag="400"><subfield code="a">Scipio,</subfield><subfield code="c">Africanus Major,</subfield><subfield code="d">ca. 236-183 B.C.</subfield></datafield><datafield ind1="0" ind2=" " tag="400"><subfield code="a">Scipio,</subfield><subfield code="c">Africanus Maior,</subfield><subfield code="d">ca. 236-183 B.C.</subfield></datafield><datafield ind1="1" ind2=" " tag="400"><subfield code="a">Scipio Africanus, Publius Cornelius,</subfield><subfield code="d">ca. 236-183 B.C.</subfield></datafield><datafield ind1="0" ind2=" " tag="400"><subfield code="a">Scipio,</subfield><subfield code="c">the Elder,</subfield><subfield code="d">ca. 236-183 B.C.</subfield></datafield><datafield ind1="1" ind2=" " tag="400"><subfield code="a">Stï¸&#160;sï¸¡ipion,</subfield><subfield code="c">afrikanskiiÌ&#x86;,</subfield><subfield code="d">ca. 236-183 B.C.</subfield></datafield><datafield ind1="0" ind2=" " tag="400"><subfield code="a">EscipioÌ&#x81;n,</subfield><subfield code="c">el Africano,</subfield><subfield code="d">ca. 236-183 B.C.</subfield></datafield><datafield ind1=" " ind2=" " tag="670"><subfield code="a">Lepper-Mainzer, G. Die Darstellung d. Feldherrn Scipio Africanus, 1982:</subfield><subfield code="b">t.p. (Scipio Africanus) p. 10, etc. (Publius Cornelius Scipio Africanus Maior; b. ca. 235 B.C.; d. 183 B.C.)</subfield></datafield><datafield ind1=" " ind2=" " tag="670"><subfield code="a">Encycl. Brit., 15th ed.</subfield><subfield code="b">(Scipio Africanus; Publius Cornelius Scipio, surnamed Africanus (the Elder); Publius Scipio; b. 236 B.C.; d. 184 or 183 B.C.)</subfield></datafield><datafield ind1=" " ind2=" " tag="670"><subfield code="a">Collier's</subfield><subfield code="b">(Scipio Africanus; Publius Cornelius Scipio Africanus, also known as Scipio the Elder; ca. 234-183 B.C.)</subfield></datafield><datafield ind1=" " ind2=" " tag="670"><subfield code="a">Stï¸&#160;sï¸¡ipion afrikanskiiÌ&#x86;, 1998.</subfield></datafield><datafield ind1=" " ind2=" " tag="670"><subfield code="a">Encycl. Amer.</subfield><subfield code="b">(Scipio Africanus Major, 236? B.C.-183 B.C.)</subfield></datafield><datafield ind1=" " ind2=" " tag="670"><subfield code="a">Cabrero, J. EscipioÌ&#x81;n el Africano, c2000:</subfield><subfield code="b">p. 11 (Publio Cornelio EscipioÌ&#x81;n)</subfield></datafield></record>